% Put any references you'd like to use into this bibtex file.
